% zo zoek je de bibtex units
% google op
% TITEL ARTIKEL bibtex reference site:portal.acm.org/

@article{Dust,
 author = {Castano, Andres and Fukunaga, Alex and Biesiadecki, Jeffrey and Neakrase, Lynn and Whelley, Patrick and Greeley, Ronald and Lemmon, Mark and Castano, Rebecca and Chien, Steve},
 title = {Automatic detection of dust devils and clouds on Mars},
 journal = {Mach. Vision Appl.},
 volume = {19},
 issue = {5-6},
 month = {September},
 year = {2008},
 issn = {0932-8092},
 pages = {467--482},
 numpages = {16},
 url = {http://dl.acm.org/citation.cfm?id=1416799.1416805},
 doi = {10.1007/s00138-007-0081-3},
 acmid = {1416805},
 publisher = {Springer-Verlag New York, Inc.},
 address = {Secaucus, NJ, USA},
 keywords = {MER, Rover, Science, Surveillance},
} 

@INPROCEEDINGS{Guidedflight,
    author = {Michael C. Nechyba and Peter G. Ifju and Martin Waszak},
    title = {Vision-Guided Flight Stability and Control for Micro Air Vehicles},
    booktitle = {IEEE/RSJ Int Conf on Robots and Systems},
    year = {2002},
    pages = {2134--2140}
}


@article{Rover,
 author = {Cozman, Fabio and Krotkov, Eric and Guestrin, Carlos},
 title = {Outdoor Visual Position Estimation for Planetary Rovers},
 journal = {Auton. Robots},
 volume = {9},
 issue = {2},
 month = {September},
 year = {2000},
 issn = {0929-5593},
 pages = {135--150},
 numpages = {16},
 url = {http://dl.acm.org/citation.cfm?id=591545.591827},
 doi = {10.1023/A:1008966317408},
 acmid = {591827},
 publisher = {Kluwer Academic Publishers},
 address = {Hingham, MA, USA},
 keywords = {computer vision, mobile robots, position estimation, space robotics},
} 

@article{Hough,
 author = {Duda, Richard O. and Hart, Peter E.},
 title = {Use of the Hough transformation to detect lines and curves in pictures},
 journal = {Commun. ACM},
 volume = {15},
 issue = {1},
 month = {January},
 year = {1972},
 issn = {0001-0782},
 pages = {11--15},
 numpages = {5},
 url = {http://doi.acm.org/10.1145/361237.361242},
 doi = {http://doi.acm.org/10.1145/361237.361242},
 acmid = {361242},
 publisher = {ACM},
 address = {New York, NY, USA},
 keywords = {Hough transformation, colinear points, curve detection, line detection, pattern recognition, picture processing, point-line transformation},
} 

@inproceedings{Fit3d,
author={Esteban, I. and Dijk, J. and F.C.A. Groen},
title={FIT3D toolbox: multiple view geometry and 3D reconstruction for matlab.},
booktitle={International Symposium on Security and Defence Europe (SPIE)},
year={2010},
}

%TODO
% [15] Zhengyou Zhang. Flexible camera calibration by viewing
% a plane from unknown orientations. In International
% Conference on Computer Vision, 1999.

% bouguet toolbox see fit3dpaper

