@book{sutton,
	author 				= {Sutton, R.S. and Barto, A.G.},
	title 				= {Reinforcement Learning: An Introduction},
	publisher 			= {MIT Press},
	year 				= {1998},
	address 			= {Cambridge, MA}
}

@inproceedings{shop,
	author = {Nau, Dana S. and Cao, Yue and Lotem, Amnon and Mu\~{n}oz-Avila, Hector},
	title = {SHOP: Simple Hierarchical Ordered Planner},
	booktitle = {Proceedings of the Sixteenth International Joint Conference on Artificial Intelligence},
	series = {IJCAI '99},
	year = {1999},
	isbn = {1-55860-613-0},
	pages = {968--975},
	numpages = {8},
	url = {http://portal.acm.org/citation.cfm?id=646307.687596},
	acmid = {687596},
	publisher = {Morgan Kaufmann Publishers Inc.},
	address = {San Francisco, CA, USA},
}

@article{fear,
	author = {Orkin, J.},
	title = {Three States and a Plan: The A.I. of F.E.A.R.},
	journal = {Game Developers Conference},
	year = {2006},
	publisher = {CMP Group.},
	address = {San Jose, California},
}

@article{halo2,
	author = {Isla, D.},
	title = {Handling complexity in the Halo 2 A.I.},
	journal = {Game Developers Conference},
	year = {2005},
}

@inproceedings{halo3,
    author  = {Isla, D.},
    title   = {Building a Better Battle: The Halo 3 AI Objectives System},
    publisher = {Presented at the Game Developers Conference, San Fransisco},
    year    = {2008}
}

@inproceedings{killzone2-presentation,
    author  = {Champandard, A. J. and Straatman, R. and Verweij, T.},
    title   = {Killzone 2 Multiplayer Bots},
    publisher = {Presented at the Game AI Conference, Paris},
    year    = {2009}
}

@mastersthesis{killzone2,
	author = {Verweij, T.},
	title = {A hierarchically-layered multiplayer bot system for a first-person shooter},
    school = {Vrije Universiteit Amsterdam},
	year = {2007}
}

@inproceedings{htnstrips3,
    author = {Lekav\'{y}, Mari\'{a}n and N\'{a}vrat, Pavol},
    title = {Expressivity of STRIPS-Like and HTN-Like Planning},
    booktitle = {Proceedings of the 1st KES International Symposium on Agent and Multi-Agent Systems: Technologies and Applications},
    series = {KES-AMSTA '07},
    year = {2007},
    isbn = {978-3-540-72829-0},
    location = {Wroclaw, Poland},
    pages = {121--130},
    numpages = {10},
    url = {http://dx.doi.org/10.1007/978-3-540-72830-6_13},
    doi = {http://dx.doi.org/10.1007/978-3-540-72830-6_13},
    acmid = {1482854},
    publisher = {Springer-Verlag},
    address = {Berlin, Heidelberg},
}

@inproceedings{htnstrips2,
    author = {Dana S. Nau and Stephen J.J. Smith and Kutluhan Erol},
    title = {Control Strategies in HTN Planning: Theory Versus Practice},
    booktitle = {In AAAI-98/IAAI-98 Proceedings},
    year = {1998},
    pages = {1127--1133},
    publisher = {AAAI Press}
}

@inproceedings{htnstrips,
    author = {Kutluhan Erol and James Hendler and Dana S. Nau},
    title = {Complexity Results for HTN Planning},
    booktitle = {Annals of Mathematics and Artificial Intelligence},
    year = {1995},
    pages = {69--93}
}

@book{russell,
    author = {Stuart J. Russell and Peter Norvig},
    howpublished = {Hardcover},
    interhash = {2d5e32236d3ab0ad8a224c2de22fcbb7},
    intrahash = {aab790cf69e18d11b87b7fdbb1a0bf9e},
    publisher = {{Prentice Hall}},
    title = {Artificial Intelligence: A Modern Approach (2nd Edition)},
    year = 2002,
    keywords = {cites.luk info.refs.books research.cs.ai research.kr},
    added-at = {2008-08-16T18:22:22.000+0200},
    priority = {2},
    isbn = {0137903952},
    biburl = {http://www.bibsonomy.org/bibtex/2aab790cf69e18d11b87b7fdbb1a0bf9e/msn},
    citeulike-article-id = {113848},
    month = {December},
    abstract = {{The long-anticipated revision of this best-selling book offers the most comprehensive, up-to-date introduction to the theory and practice of artificial intelligence. Intelligent Agents. Solving Problems by Searching. Informed Search Methods. Game Playing. Agents that Reason Logically. First-order Logic. Building a Knowledge Base. Inference in First-Order Logic. Logical Reasoning Systems. Practical Planning. Planning and Acting. Uncertainty. Probabilistic Reasoning Systems. Making Simple Decisions. Making Complex Decisions. Learning from Observations. Learning with Neural Networks. Reinforcement Learning. Knowledge in Learning. Agents that Communicate. Practical Communication in English. Perception. Robotics. For those interested in artificial intelligence.}}
}


@article{shop2,
	author = {Dana Nau and Okhtay Ilghami and Ugur Kuter and J. William Murdock and Dan Wu and Fusun Yaman},
	title = {SHOP2: An HTN planning system},
	journal = {Journal of Artificial Intelligence Research},
	year = {2003},
	volume = {20},
	pages = {379--404}
}

@book{bratko,
    author = {Bratko, Ivan},
    title = {Prolog (3rd ed.): programming for artificial intelligence},
    year = {2001},
    isbn = {0-201-40375-7},
    publisher = {Addison-Wesley Longman Publishing Co., Inc.},
    address = {Boston, MA, USA},
} 

@inproceedings{elderscrolls,
    author =     {J.-P. Kelly and A. Botea and S. Koenig},
    title =      {Offline Planning with Hierarchical Task Networks in Video Games},
    booktitle =  {Proceedings of the Fourth International Conference on Artificial Intelligence and Interactive Digital Entertainment AIIDE-08},
    pages =      {60--65},
    year =       {2008}
}

@inproceedings{multiqueues,
    author    = {Maria Cutumisu and Duane Szafron},
    title     = {An Architecture for Game Behavior AI: Behavior Multi-Queues},
    booktitle = {AIIDE},
    year      = {2009},
}

@inproceedings{
    rl-rts-1,
    author = {Amato, Christopher and Shani, Guy},
    title = {High-level reinforcement learning in strategy games},
    booktitle = {Proceedings of the 9th International Conference on Autonomous Agents and Multiagent Systems: volume 1 - Volume 1},
    series = {AAMAS '10},
    year = {2010},
    isbn = {978-0-9826571-1-9},
    location = {Toronto, Canada},
    pages = {75--82},
    numpages = {8},
    url = {http://portal.acm.org/citation.cfm?id=1838206.1838217},
    acmid = {1838217},
    publisher = {International Foundation for Autonomous Agents and Multiagent Systems},
    address = {Richland, SC},
    keywords = {reinforcement learning, video games, virtual agents},
} 

@inproceedings{ut,
    author = {Hai Hoang and Stephen Lee-urban and Héctor Muñoz-avila},
    title = {Hierarchical plan representations for encoding strategic game ai},
    booktitle = {In Proc. Artificial Intelligence and Interactive Digital Entertainment Conference (AIIDE-05)},
    year = {2005},
    publisher = {AAAI Press}
}

@inproceedings{hclfps,
	author = {van Hoorn, Niels and Togelius, Julian and Schmidhuber, J\"{u}rgen},
	title = {Hierarchical controller learning in a first-person shooter},
	booktitle = {Proceedings of the 5th international conference on Computational Intelligence and Games},
	series = {CIG'09},
	year = {2009},
	isbn = {978-1-4244-4814-2},
	location = {Milano, Italy},
	pages = {294--301},
	numpages = {8},
	url = {http://portal.acm.org/citation.cfm?id=1719293.1719344},
	acmid = {1719344},
	publisher = {IEEE Press},
	address = {Piscataway, NJ, USA},
	keywords = {FPS, action selection, behaviour-based robotics, evolutionary algorithms, first-person shooters, neural networks, subsumption architecture},
} 

@inproceedings{ENNQ3,
	author = {Westra, Joost and Dignum, Frank},
	title = {Evolutionary neural networks for non-player characters in quake III},
	booktitle = {Proceedings of the 5th international conference on Computational Intelligence and Games},
	series = {CIG'09},
	year = {2009},
	isbn = {978-1-4244-4814-2},
	location = {Milano, Italy},
	pages = {302--309},
	numpages = {8},
	url = {http://portal.acm.org/citation.cfm?id=1719293.1719345},
	acmid = {1719345},
	publisher = {IEEE Press},
	address = {Piscataway, NJ, USA},
} 

@inproceedings{ECBU,
	author = { Antonio Miguel Mora García and Miguel Ángel Moreno Rodrigo and Juan Julián Merelo Guervós and Pedro A. Castillo Valdivieso and Maria Isabel García Arenas and J. L. J. Laredo } ,
	title = { Evolving The Cooperative Behaviour In Unreal(TM) Bots },
	booktitle = { Proc. of ieee conference on computational intelligence and games (Cig'10). Copenhagen, Denmark. 18-21-08-2010 },
	year = { 2010 },
	pages = { 241 - 248 },
	location = { Copenhagen, Denmark },
}
